@inproceedings{ichikawa:2002,
	title={A visualization environment for multiple daytime stock price predictions},
	author={Ichikawa, Yoshihiko and Tsunawaki, Tomoko and Fujishiro, Issei and Yoon, Hiwon},
	booktitle={Proceedings of the 2nd VIIP International Conferences on Visualization, Imaging and Image Processing, Malaga, Spain},
	year={2002}
}

@article{steed:2017,
	title={Falcon: Visual analysis of large, irregularly sampled, and multivariate time series data in additive manufacturing},
	author={Steed, Chad A and Halsey, William and Dehoff, Ryan and Yoder, Sean L and Paquit, Vincent and Powers, Sarah},
	journal={Computers and Graphics},
	volume={63},
	pages={50--64},
	year={2017},
	publisher={Elsevier}
}

@inproceedings{yue:2009,
	title={A Blackboard-based Approach Towards Predictive Analytics.},
	author={Yue, Jia and Raja, Anita and Liu, Dingxiang and Wang, Xiaoyu and Ribarsky, William},
	booktitle={AAAI Spring Symposium: Technosocial Predictive Analytics},
	pages={154},
	year={2009}
}

@ARTICLE{maciejewski:2011, 
	author={R. Maciejewski and R. Hafen and S. Rudolph and S. G. Larew and M. A. Mitchell and W. S. Cleveland and D. S. Ebert}, 
	journal={IEEE Transactions on Visualization and Computer Graphics}, 
	title={Forecasting Hotspots: A Predictive Analytics Approach}, 
	year={2011}, 
	volume={17}, 
	number={4}, 
	pages={440-453},
	doi={10.1109/TVCG.2010.82}, 
	ISSN={1077-2626}, 
	month={April},
}

@INPROCEEDINGS{maciejewski:2008, 
	author={R. Maciejewski and S. Rudolph and R. Hafen and A. Abusalah and M. Yakout and M. Ouzzani and W. S. Cleveland and S. J. Grannis and M. Wade and D. S. Ebert}, 
	booktitle={2008 IEEE Symposium on Visual Analytics Science and Technology}, 
	title={Understanding syndromic hotspots - a visual analytics approach}, 
	year={2008}, 
	volume={}, 
	number={}, 
	pages={35-42}, 
	doi={10.1109/VAST.2008.4677354}, 
	ISSN={}, 
	month={Oct},
}

@INPROCEEDINGS{maciejewski:2007, 
	author={R. Maciejewski and B. Tyner and Y. Jang and C. Zheng and R. V. Nehme and D. S. Ebert and W. S. Cleveland and M. Ouzzani and S. J. Grannis and L. T. Glickman}, 
	booktitle={2007 IEEE Symposium on Visual Analytics Science and Technology}, 
	title={LAHVA: Linked Animal-Human Health Visual Analytics}, 
	year={2007}, 
	volume={}, 
	number={}, 
	pages={27-34}, 
	ISSN={}, 
	month={Oct},
}

@article{maciejewski:2010,
	title={A visual analytics approach to understanding spatiotemporal hotspots},
	author={Maciejewski, Ross and Rudolph, Stephen and Hafen, Ryan and Abusalah, Ahmad and Yakout, Mohamed and Ouzzani, Mourad and Cleveland, William S and Grannis, Shaun J and Ebert, David S},
	journal={IEEE Transactions on Visualization and Computer Graphics},
	volume={16},
	number={2},
	pages={205--220},
	year={2010},
	publisher={IEEE}
}

@article{malik:2014,
	title={Proactive spatiotemporal resource allocation and predictive visual analytics for community policing and law enforcement},
	author={Malik, Abish and Maciejewski, Ross and Towers, Sherry and McCullough, Sean and Ebert, David S},
	journal={IEEE transactions on visualization and computer graphics},
	volume={20},
	number={12},
	pages={1863--1872},
	year={2014},
	publisher={IEEE}
}

@article{Hochheiser:2004,
	author = {Hochheiser, Harry and Shneiderman, Ben},
	title = {Dynamic Query Tools for Time Series Data Sets: Timebox Widgets for Interactive Exploration},
	journal = {Information Visualization},
	issue_date = {Spring 2004},
	volume = {3},
	number = {1},
	month = mar,
	year = {2004},
	issn = {1473-8716},
	pages = {1--18},
	numpages = {18},
	url = {http://dx.doi.org/10.1145/993176.993177},
	doi = {10.1145/993176.993177},
	acmid = {993177},
	publisher = {Palgrave Macmillan},
} 

@inproceedings{buono:2005,
	title={Interactive pattern search in time series},
	author={Buono, Paolo and Aris, Aleks and Plaisant, Catherine and Khella, Amir and Shneiderman, Ben},
	booktitle={Visualization and Data Analysis 2005},
	volume={5669},
	pages={175--187},
	year={2005},
	organization={International Society for Optics and Photonics}
}

@inproceedings{buono:2007,
	title={Similarity-based forecasting with simultaneous previews: A river plot interface for time series forecasting},
	author={Buono, Paolo and Plaisant, Catherine and Simeone, Adalberto and Aris, Aleks and Shmueli, Galit and Jank, Wolfgang},
	booktitle={Information Visualization, 2007. IV'07. 11th International Conference},
	pages={191--196},
	year={2007},
	organization={IEEE}
}

@inproceedings{boegl:2014,
	title={Visual analytics methods to guide diagnostics for time series model predictions},
	author={B{\"o}gl, M and Aigner, W and Filzmoser, P and Gschwandtner, T and Lammarsch, T and Miksch, S and Rind, A},
	year = 2014,
	booktitle = "IEEE VIS 2014 Workshop Visualization for Predictive Analytics, VPA"
}

@article{boegl:2013,
	title = {Visual Analytics for Model Selection in Time Series Analysis},
	journal = { IEEE Transactions on Visualization and Computer Graphics, Special Issue "VIS 2013"},
	volume = {19},
	year = {2013},
	month = {12},
	pages = {2237 - 2246},
	issn = {1077-2626},
	doi = {10.1109/TVCG.2013.222},
	author = {B{\"o}gl, Markus and Aigner, Wolfgang and Peter Filzmoser and Tim Lammarsch and Miksch, S. and Rind, Alexander}
}

@article{Xie:2014, 
	author={C. Xie and W. Chen and X. Huang and Y. Hu and S. Barlowe and J. Yang}, 
	journal={IEEE Transactions on Visualization and Computer Graphics}, 
	title={VAET: A Visual Analytics Approach for E-Transactions Time-Series}, 
	year={2014}, 
	volume={20}, 
	number={12}, 
	pages={1743-1752}, 
	doi={10.1109/TVCG.2014.2346913}, 
	ISSN={1077-2626}, 
	month={Dec},
}

@inproceedings{Hao:2011,
	author = {Hao, M. C. and Janetzko, H. and Mittelst\"{a}dt, S. and Hill, W. and Dayal, U. and Keim, D. A. and Marwah, M. and Sharma, R. K.},
	title = {A Visual Analytics Approach for Peak-preserving Prediction of Large Seasonal Time Series},
	booktitle = {Proceedings of the 13th Eurographics / IEEE - VGTC Conference on Visualization},
	series = {EuroVis'11},
	year = {2011},
	location = {Bergen, Norway},
	pages = {691--700},
	numpages = {10},
	url = {http://dx.doi.org/10.1111/j.1467-8659.2011.01918.x},
	doi = {10.1111/j.1467-8659.2011.01918.x},
	acmid = {2421963},
	publisher = {The Eurographs Association and John Wiley and Sons, Ltd.},
	address = {Chichester, UK},
}

@INPROCEEDINGS{Andrienko:2010, 
	author={G. Andrienko and N. Andrienko and M. Mladenov and M. Mock and C. Poelitz}, 
	booktitle={2010 14th International Conference Information Visualisation}, 
	title={Extracting Events from Spatial Time Series}, 
	year={2010}, 
	volume={}, 
	number={}, 
	pages={48-53}, 
	ISSN={1550-6037}, 
	month={July},
}

@INPROCEEDINGS{Hao:2009, 
	author={M. C. Hao and H. Janetzko and R. K. Sharma and U. Dayal and D. A. Keim and M. Castellanos}, 
	booktitle={2009 IEEE Symposium on Visual Analytics Science and Technology}, 
	title={Poster: Visual prediction of time series}, 
	year={2009}, 
	volume={}, 
	number={}, 
	pages={229-230}, 
	doi={10.1109/VAST.2009.5333420}, 
	ISSN={}, 
	month={Oct},
}

@article{Hao:2012,
	author = {Hao, Ming C. and Marwah, Manish and Janetzko, Halld\'{o}r and Dayal, Umeshwar and Keim, Daniel A. and Patnaik, Debprakash and Ramakrishnan, Naren and Sharma, Ratnesh K.},
	title = {Visual Exploration of Frequent Patterns in Multivariate Time Series},
	journal = {Information Visualization},
	issue_date = {January 2012},
	volume = {11},
	number = {1},
	month = jan,
	year = {2012},
	issn = {1473-8716},
	pages = {71--83},
	numpages = {13},
	url = {http://dx.doi.org/10.1177/1473871611430769},
	doi = {10.1177/1473871611430769},
	acmid = {2336235},
	publisher = {Palgrave Macmillan},
}

@inproceedings{Andrienko:2010:Space,
	author = {Andrienko, G. and Andrienko, N. and Bremm, S. and Schreck, T. and von Landesberger, T. and Bak, P. and Keim, D.},
	title = {Space-in-time and Time-in-space Self-organizing Maps for Exploring Spatiotemporal Patterns},
	booktitle = {Proceedings of the 12th Eurographics / IEEE - VGTC Conference on Visualization},
	series = {EuroVis'10},
	year = {2010},
	location = {Bordeaux, France},
	pages = {913--922},
	numpages = {10},
	url = {http://dx.doi.org/10.1111/j.1467-8659.2009.01664.x},
	doi = {10.1111/j.1467-8659.2009.01664.x},
	acmid = {2421856},
	publisher = {The Eurographs Association and John Wiley and Sons, Ltd.},
	address = {Chichester, UK},
} 

@article{Andrienko:2008,
	author = {Andrienko, Gennady and Andrienko, Natalia and Dykes, Jason and Fabrikant, Sara Irina and Wachowicz, Monica},
	title = {Geovisualization of Dynamics, Movement and Change: Key Issues and Developing Approaches in Visualization Research},
	journal = {Information Visualization},
	issue_date = {June 2008},
	volume = {7},
	number = {3},
	month = jun,
	year = {2008},
	issn = {1473-8716},
	pages = {173--180},
	numpages = {8},
	url = {http://dx.doi.org/10.1057/ivs.2008.23},
	doi = {10.1057/ivs.2008.23},
	acmid = {1594711},
	publisher = {Palgrave Macmillan},
} 

@book{box:2015,
	title={Time series analysis: forecasting and control},
	author={Box, George EP and Jenkins, Gwilym M and Reinsel, Gregory C and Ljung, Greta M},
	year={2015},
	publisher={John Wiley and Sons}
}

@article{janetzko:2014,
	title={Anomaly detection for visual analytics of power consumption data},
	author={Janetzko, Halld{\'o}r and Stoffel, Florian and Mittelst{\"a}dt, Sebastian and Keim, Daniel A},
	journal={Computers and Graphics},
	volume={38},
	pages={27--37},
	year={2014},
	publisher={Elsevier}
}

@INPROCEEDINGS{Gschwandtner:2011, 
	author={T. Gschwandtner and W. Aigner and K. Kaiser and S. Miksch and A. Seyfang}, 
	booktitle={2011 IEEE Pacific Visualization Symposium}, 
	title={CareCruiser: Exploring and visualizing plans, events, and effects interactively}, 
	year={2011}, 
	volume={}, 
	number={}, 
	pages={43-50}, 
	doi={10.1109/PACIFICVIS.2011.5742371}, 
	ISSN={2165-8765}, 
	month={March},
}

@ARTICLE{Kehrer:2008, 
	author={J. Kehrer and F. Ladst√§dter and P. Muigg and H. Doleisch and A. Steiner and H. Hauser}, 
	journal={IEEE Transactions on Visualization and Computer Graphics}, 
	title={Hypothesis Generation in Climate Research with Interactive Visual Data Exploration}, 
	year={2008}, 
	volume={14}, 
	number={6}, 
	pages={1579-1586}, 
	doi={10.1109/TVCG.2008.139}, 
	ISSN={1077-2626}, 
	month={Nov},
}

@INPROCEEDINGS{Andrienko:2005, 
	author={G. Andrienko and N. Andrienko}, 
	booktitle={Ninth International Conference on Information Visualisation (IV'05)}, 
	title={Visual exploration of the spatial distribution of temporal behaviors}, 
	year={2005}, 
	volume={}, 
	number={}, 
	pages={799-806}, 
	doi={10.1109/IV.2005.135}, 
	ISSN={1550-6037}, 
	month={July},
}

@inproceedings{McLachlan:2008,
	author = {McLachlan, Peter and Munzner, Tamara and Koutsofios, Eleftherios and North, Stephen},
	title = {LiveRAC: Interactive Visual Exploration of System Management Time-series Data},
	booktitle = {Proceedings of the SIGCHI Conference on Human Factors in Computing Systems},
	series = {CHI '08},
	year = {2008},
	isbn = {978-1-60558-011-1},
	location = {Florence, Italy},
	pages = {1483--1492},
	numpages = {10},
	url = {http://doi.acm.org/10.1145/1357054.1357286},
	doi = {10.1145/1357054.1357286},
	acmid = {1357286},
	publisher = {ACM},
	address = {New York, NY, USA},
} 

@INPROCEEDINGS{Chae:2012, 
	author={J. Chae and D. Thom and H. Bosch and Y. Jang and R. Maciejewski and D. S. Ebert and T. Ertl}, 
	booktitle={2012 IEEE Conference on Visual Analytics Science and Technology (VAST)}, 
	title={Spatiotemporal social media analytics for abnormal event detection and examination using seasonal-trend decomposition}, 
	year={2012}, 
	volume={}, 
	number={}, 
	pages={143-152},  
	doi={10.1109/VAST.2012.6400557}, 
	ISSN={}, 
	month={Oct},
}

@INPROCEEDINGS{Thom:2012, 
	author={D. Thom and H. Bosch and S. Koch and M. W√∂rner and T. Ertl}, 
	booktitle={2012 IEEE Pacific Visualization Symposium}, 
	title={Spatiotemporal anomaly detection through visual analysis of geolocated Twitter messages}, 
	year={2012}, 
	volume={}, 
	number={}, 
	pages={41-48}, 
	doi={10.1109/PacificVis.2012.6183572}, 
	ISSN={2165-8765}, 
	month={Feb},
}

@article{Lu:2017,
	author = {Lu, Yafeng and Garcia, Rolando and Hansen, Brett and Gleicher, Michael and Maciejewski, Ross},
	title = {The State-of-the-Art in Predictive Visual Analytics},
	journal = {Comput. Graph. Forum},
	issue_date = {June 2017},
	volume = {36},
	number = {3},
	month = jun,
	year = {2017},
	issn = {0167-7055},
	pages = {539--562},
	numpages = {24},
	doi = {10.1111/cgf.13210},
	acmid = {3128445},
	publisher = {The Eurographs Association and John Wiley and Sons, Ltd.},
	address = {Chichester, UK},
} 

@book{kuhn:2013,
	title={Applied predictive modeling},
	author={Kuhn, Max and Johnson, Kjell},
	volume={26},
	year={2013},
	publisher={Springer}
}

@book{draper:2014,
	title={Applied regression analysis},
	author={Draper, Norman R and Smith, Harry},
	volume={326},
	year={2014},
	publisher={John Wiley \& Sons}
}
