@inproceedings{ichikawa:2002,
	title={A visualization environment for multiple daytime stock price predictions},
	author={Ichikawa, Yoshihiko and Tsunawaki, Tomoko and Fujishiro, Issei and Yoon, Hiwon},
	booktitle={Proceedings of the 2nd VIIP International Conferences on Visualization, Imaging and Image Processing, Malaga, Spain},
	year={2002}
}

@article{steed:2017,
	title={Falcon: Visual analysis of large, irregularly sampled, and multivariate time series data in additive manufacturing},
	author={Steed, Chad A and Halsey, William and Dehoff, Ryan and Yoder, Sean L and Paquit, Vincent and Powers, Sarah},
	journal={Computers \& Graphics},
	volume={63},
	pages={50--64},
	year={2017},
	publisher={Elsevier}
}

@inproceedings{yue:2009,
	title={A Blackboard-based Approach Towards Predictive Analytics.},
	author={Yue, Jia and Raja, Anita and Liu, Dingxiang and Wang, Xiaoyu and Ribarsky, William},
	booktitle={AAAI Spring Symposium: Technosocial Predictive Analytics},
	pages={154},
	year={2009}
}

@ARTICLE{maciejewski:2011, 
	author={R. Maciejewski and R. Hafen and S. Rudolph and S. G. Larew and M. A. Mitchell and W. S. Cleveland and D. S. Ebert}, 
	journal={IEEE Transactions on Visualization and Computer Graphics}, 
	title={Forecasting Hotspots: A Predictive Analytics Approach}, 
	year={2011}, 
	volume={17}, 
	number={4}, 
	pages={440-453},
	doi={10.1109/TVCG.2010.82}, 
	ISSN={1077-2626}, 
	month={April},
}

@INPROCEEDINGS{maciejewski:2008, 
	author={R. Maciejewski and S. Rudolph and R. Hafen and A. Abusalah and M. Yakout and M. Ouzzani and W. S. Cleveland and S. J. Grannis and M. Wade and D. S. Ebert}, 
	booktitle={2008 IEEE Symposium on Visual Analytics Science and Technology}, 
	title={Understanding syndromic hotspots - a visual analytics approach}, 
	year={2008}, 
	volume={}, 
	number={}, 
	pages={35-42}, 
	doi={10.1109/VAST.2008.4677354}, 
	ISSN={}, 
	month={Oct},
}

@INPROCEEDINGS{maciejewski:2007, 
	author={R. Maciejewski and B. Tyner and Y. Jang and C. Zheng and R. V. Nehme and D. S. Ebert and W. S. Cleveland and M. Ouzzani and S. J. Grannis and L. T. Glickman}, 
	booktitle={2007 IEEE Symposium on Visual Analytics Science and Technology}, 
	title={LAHVA: Linked Animal-Human Health Visual Analytics}, 
	year={2007}, 
	volume={}, 
	number={}, 
	pages={27-34}, 
	keywords={medical information systems;patient monitoring;statistical analysis;surveillance;veterinary medicine;LAHVA;animal surveillance;coordinated animal-human health monitoring;disease outbreaks;factor specification;filtering;human emergency room data;industrial wastewater;linked animal-human health visual analytics;patient health information;respiratory syndromes;seasonal influenza;statistical analysis;veterinary hospital data;Alarm systems;Animals;Cats;Dogs;Hospitals;Humans;Influenza;Monitoring;Statistical analysis;Visual analytics}, 
	doi={10.1109/VAST.2007.4388993}, 
	ISSN={}, 
	month={Oct},
}